@article{konig2020optimized,
  title={An optimized Bayesian hierarchical two-parameter logistic model for small-sample item calibration},
  author={K{\"o}nig, Christoph and Spoden, Christian and Frey, Andreas},
  journal={Applied psychological measurement},
  volume={44},
  number={4},
  pages={311--326},
  year={2020},
  publisher={SAGE Publications Sage CA: Los Angeles, CA}
}

@article{kim2010estimation,
  title={The estimation of the IRT reliability coefficient and its lower and upper bounds, with comparisons to CTT reliability statistics},
  author={Kim, Seonghoon and Feldt, Leonard S},
  journal={Asia Pacific Education Review},
  volume={11},
  number={2},
  pages={179--188},
  year={2010},
  publisher={Springer}
}

@article{nicewander2018conditional,
  title={Conditional reliability coefficients for test scores.},
  author={Nicewander, W Alan},
  journal={Psychological Methods},
  volume={23},
  number={2},
  pages={351},
  year={2018},
  publisher={American Psychological Association}
}

@incollection{reise2014evaluating,
  title={Evaluating the impact of multidimensionality on unidimensional item response theory model parameters},
  author={Reise, Steven P and Cook, Karon F and Moore, Tyler M},
  booktitle={Handbook of item response theory modeling},
  pages={31--58},
  year={2014},
  publisher={Routledge}
}

@article{clark2018model,
  title={Model fit and item factor analysis: Overfactoring, underfactoring, and a program to guide interpretation},
  author={Clark, D Angus and Bowles, Ryan P},
  journal={Multivariate behavioral research},
  volume={53},
  number={4},
  pages={544--558},
  year={2018},
  publisher={Taylor \& Francis}
}

@article{kenny2015performance,
  title={The performance of RMSEA in models with small degrees of freedom},
  author={Kenny, David A and Kaniskan, Burcu and McCoach, D Betsy},
  journal={Sociological methods \& research},
  volume={44},
  number={3},
  pages={486--507},
  year={2015},
  publisher={Sage Publications Sage CA: Los Angeles, CA}
}

@article{sinharay2006posterior,
  title={Posterior predictive assessment of item response theory models},
  author={Sinharay, Sandip and Johnson, Matthew S and Stern, Hal S},
  journal={Applied Psychological Measurement},
  volume={30},
  number={4},
  pages={298--321},
  year={2006},
  publisher={Sage Publications Sage CA: Thousand Oaks, CA}
}

@article{flora2020your,
  title={Your coefficient alpha is probably wrong, but which coefficient omega is right? A tutorial on using R to obtain better reliability estimates},
  author={Flora, David B},
  journal={Advances in Methods and Practices in Psychological Science},
  volume={3},
  number={4},
  pages={484--501},
  year={2020},
  publisher={Sage Publications Sage CA: Los Angeles, CA}
}

@article{lord1968analysis,
  title={An analysis of the Verbal Scholastic Aptitude Test using Birnbaum's three-parameter logistic model},
  author={Lord, Frederic M},
  journal={Educational and Psychological Measurement},
  volume={28},
  number={4},
  pages={989--1020},
  year={1968},
  publisher={Sage Publications Sage CA: Thousand Oaks, CA}
}