@article{gignac2015raven,
  title={Raven's is not a pure measure of general intelligence: Implications for g factor theory and the brief measurement of g},
  author={Gignac, Gilles E},
  journal={Intelligence},
  volume={52},
  pages={71--79},
  year={2015},
  publisher={Elsevier}
}

@article{kane2004generality,
  title={The generality of working memory capacity: a latent-variable approach to verbal and visuospatial memory span and reasoning.},
  author={Kane, Michael J and Hambrick, David Z and Tuholski, Stephen W and Wilhelm, Oliver and Payne, Tabitha W and Engle, Randall W},
  journal={Journal of experimental psychology: General},
  volume={133},
  number={2},
  pages={189},
  year={2004},
  publisher={American Psychological Association}
}

@article{unsworth2005working,
  title={Working memory capacity and fluid abilities: Examining the correlation between Operation Span and {Raven}},
  author={Unsworth, Nash and Engle, Randall W},
  journal={Intelligence},
  volume={33},
  number={1},
  pages={67--81},
  year={2005},
  publisher={Elsevier}
}

@article{roth2015intelligence,
  title={Intelligence and school grades: A meta-analysis},
  author={Roth, Bettina and Becker, Nicolas and Romeyke, Sara and Sch{\"a}fer, Sarah and Domnick, Florian and Spinath, Frank M},
  journal={Intelligence},
  volume={53},
  pages={118--137},
  year={2015},
  publisher={Elsevier}
}

@article{frey2004scholastic,
  title={Scholastic assessment or g? The relationship between the scholastic assessment test and general cognitive ability},
  author={Frey, Meredith C and Detterman, Douglas K},
  journal={Psychological science},
  volume={15},
  number={6},
  pages={373--378},
  year={2004},
  publisher={SAGE Publications Sage CA: Los Angeles, CA}
}

@article{koenig2008act,
  title={{ACT} and general cognitive ability},
  author={Koenig, Katherine A and Frey, Meredith C and Detterman, Douglas K},
  journal={Intelligence},
  volume={36},
  number={2},
  pages={153--160},
  year={2008},
  publisher={Elsevier}
}

@article{gignac2018moderate,
  title={A moderate financial incentive can increase effort, but not intelligence test performance in adult volunteers},
  author={Gignac, Gilles E},
  journal={British Journal of Psychology},
  volume={109},
  number={3},
  pages={500--516},
  year={2018},
  publisher={Wiley Online Library}
}

@article{gignac2019maximum,
  title={Maximum effort may not be required for valid intelligence test score interpretations},
  author={Gignac, Gilles E and Bartulovich, Asher and Salleo, Emilee},
  journal={Intelligence},
  volume={75},
  pages={73--84},
  year={2019},
  publisher={Elsevier}
}

@article{duckworth2011role,
  title={Role of test motivation in intelligence testing},
  author={Duckworth, Angela Lee and Quinn, Patrick D and Lynam, Donald R and Loeber, Rolf and Stouthamer-Loeber, Magda},
  journal={Proceedings of the National Academy of Sciences},
  volume={108},
  number={19},
  pages={7716--7720},
  year={2011},
  publisher={National Acad Sciences}
}

@article{gillan2016characterizing,
  title={Characterizing a psychiatric symptom dimension related to deficits in goal-directed control},
  author={Gillan, Claire M and Kosinski, Michal and Whelan, Robert and Phelps, Elizabeth A and Daw, Nathaniel D},
  journal={Elife},
  volume={5},
  pages={e11305},
  year={2016},
  publisher={eLife Sciences Publications Limited}
}

@article{rouault2018psychiatric,
  title={Psychiatric symptom dimensions are associated with dissociable shifts in metacognition but not task performance},
  author={Rouault, Marion and Seow, Tricia and Gillan, Claire M and Fleming, Stephen M},
  journal={Biological psychiatry},
  volume={84},
  number={6},
  pages={443--451},
  year={2018},
  publisher={Elsevier}
}

@article{moutoussis2021decision,
  title={Decision-making ability, psychopathology, and brain connectivity},
  author={Moutoussis, Michael and Garz{\'o}n, Benjam{\'\i}n and Neufeld, Sharon and Bach, Dominik R and Rigoli, Francesco and Goodyer, Ian and Bullmore, Edward and Fonagy, Peter and Jones, Peter and Hauser, Tobias and others},
  journal={Neuron},
  volume={109},
  number={12},
  pages={2025--2040},
  year={2021},
  publisher={Elsevier}
}

@article{wechsler1999wechsler,
  title={Wechsler abbreviated scale of intelligence},
  author={Wechsler, David},
  year={1999}
}

@article{corporation2008wechsler,
  title={Wechsler Adult Intelligence Scaleâ€”Fourth Edition},
  author={Wechsler, David},
  year={2008}
}

@article{heydasch2014hagen,
  title={The {Hagen} matrices test ({HMT})},
  author={Heydasch, T},
  journal={T. Heydasch (2014), Studienerfolgspr{\"a}diktoren bei Fernstudierenden. Eine empirische Untersuchung mit Studierenden des Studiengangs B. Sc. Psychologie der FernUniversit{\"a}t in Hagen. Unver{\"o}ffentlichte Dissertation, FernUniversit{\"a}t in Hagen},
  year={2014}
}

@article{condon2014international,
  title={The international cognitive ability resource: Development and initial validation of a public-domain measure},
  author={Condon, David M and Revelle, William},
  journal={Intelligence},
  volume={43},
  pages={52--64},
  year={2014},
  publisher={Elsevier}
}

@article{ng1974applicability,
  title={Applicability Of Classical Test Score Models To Repeated Performances On The Same Test},
  author={Ng, Kim T},
  journal={Australian Journal of Psychology},
  volume={26},
  number={1},
  pages={1--8},
  year={1974},
  publisher={Taylor \& Francis}
}

@article{bors2003effect,
  title={The effect of practice on {Raven's} Advanced Progressive Matrices},
  author={Bors, Douglas A and Vigneau, Fran{\c{c}}ois},
  journal={Learning and Individual Differences},
  volume={13},
  number={4},
  pages={291--312},
  year={2003},
  publisher={Elsevier}
}

@article{knoll2016window,
  title={A window of opportunity for cognitive training in adolescence},
  author={Knoll, Lisa J and Fuhrmann, Delia and Sakhardande, Ashok L and Stamp, Fabian and Speekenbrink, Maarten and Blakemore, Sarah-Jayne},
  journal={Psychological Science},
  volume={27},
  number={12},
  pages={1620--1631},
  year={2016},
  publisher={Sage Publications Sage CA: Los Angeles, CA}
}

@article{chierchia2019matrix,
  title={The matrix reasoning item bank ({MaRs-IB}): novel, open-access abstract reasoning items for adolescents and adults},
  author={Chierchia, Gabriele and Fuhrmann, Delia and Knoll, Lisa J and Pi-Sunyer, Blanca Piera and Sakhardande, Ashok L and Blakemore, Sarah-Jayne},
  journal={Royal Society open science},
  volume={6},
  number={10},
  pages={190232},
  year={2019},
  publisher={The Royal Society}
}

@book{embretson2013item,
  title={Item response theory},
  author={Embretson, Susan E and Reise, Steven P},
  year={2013},
  publisher={Psychology Press}
}

@book{de2013theory,
  title={The theory and practice of item response theory},
  author={De Ayala, Rafael Jaime},
  year={2013},
  publisher={Guilford Publications}
}

@article{van1998optimal,
  title={Optimal assembly of psychological and educational tests},
  author={Van der Linden, Wim J},
  journal={Applied Psychological Measurement},
  volume={22},
  number={3},
  pages={195--211},
  year={1998},
  publisher={SAGE PUBLICATIONS, INC. 2455 Teller Road, Thousand Oaks, CA 91320}
}

@book{de2004explanatory,
  title={Explanatory item response models: A generalized linear and nonlinear approach},
  author={De Boeck, Paul and Wilson, Mark},
  volume={10},
  year={2004},
  publisher={Springer}
}

@article{neuhaus2006separating,
  title={Separating between-and within-cluster covariate effects by using conditional and partitioning methods},
  author={Neuhaus, John M and McCulloch, Charles E},
  journal={Journal of the Royal Statistical Society: Series B (Statistical Methodology)},
  volume={68},
  number={5},
  pages={859--872},
  year={2006},
  publisher={Wiley Online Library}
}

@article{de2015jspsych,
  title={jsPsych: A JavaScript library for creating behavioral experiments in a Web browser},
  author={De Leeuw, Joshua R},
  journal={Behavior research methods},
  volume={47},
  number={1},
  pages={1--12},
  year={2015},
  publisher={Springer}
}

@article{ranger2021effects,
  title={Effects of Motivation on the Accuracy and Speed of Responding in Tests: The Speed-Accuracy Tradeoff Revisited},
  author={Ranger, Jochen and Kuhn, J{\"o}rg-Tobias and Pohl, Steffi},
  journal={Measurement: Interdisciplinary Research and Perspectives},
  volume={19},
  number={1},
  pages={15--38},
  year={2021},
  publisher={Taylor \& Francis}
}

@article{ranger2014accumulator,
  title={An accumulator model for responses and response times in tests based on the proportional hazards model},
  author={Ranger, Jochen and Kuhn, J{\"o}rg-Tobias},
  journal={British Journal of Mathematical and Statistical Psychology},
  volume={67},
  number={3},
  pages={388--407},
  year={2014},
  publisher={Wiley Online Library}
}

@article{shaw2020reasoning,
  title={Reasoning, fast and slow: How noncognitive factors may alter the ability-speed relationship},
  author={Shaw, Amy and Elizondo, Fabian and Wadlington, Patrick L},
  journal={Intelligence},
  volume={83},
  pages={101490},
  year={2020},
  publisher={Elsevier}
}

@article{geerlings2011modeling,
  title={Modeling rule-based item generation},
  author={Geerlings, Hanneke and Glas, Cees AW and Van Der Linden, Wim J},
  journal={Psychometrika},
  volume={76},
  number={2},
  pages={337},
  year={2011},
  publisher={Springer}
}

@article{cho2014additive,
  title={Additive multilevel item structure models with random residuals: Item modeling for explanation and item generation},
  author={Cho, Sun-Joo and De Boeck, Paul and Embretson, Susan and Rabe-Hesketh, Sophia},
  journal={Psychometrika},
  volume={79},
  number={1},
  pages={84--104},
  year={2014},
  publisher={Springer}
}

@article{lathrop2017item,
  title={Item cloning variation and the impact on the parameters of response models},
  author={Lathrop, Quinn N and Cheng, Ying},
  journal={psychometrika},
  volume={82},
  number={1},
  pages={245--263},
  year={2017},
  publisher={Springer}
}

@article{han2012fixing,
  title={Fixing the c parameter in the three-parameter logistic model},
  author={Han, Kyung T},
  journal={Practical Assessment, Research, and Evaluation},
  volume={17},
  number={1},
  pages={1},
  year={2012}
}

@article{bertling2018using,
  title={Using response time data to reduce testing time in cognitive tests.},
  author={Bertling, Maria and Weeks, Jonathan P},
  journal={Psychological Assessment},
  volume={30},
  number={3},
  pages={328},
  year={2018},
  publisher={American Psychological Association}
}

@article{carpenter1990one,
  title={What one intelligence test measures: a theoretical account of the processing in the {Raven} Progressive Matrices Test.},
  author={Carpenter, Patricia A and Just, Marcel A and Shell, Peter},
  journal={Psychological review},
  volume={97},
  number={3},
  pages={404},
  year={1990},
  publisher={American Psychological Association}
}

@article{wilson2008explanatory,
  title={Explanatory item response models: A brief introduction},
  author={Wilson, Mark and De Boeck, Paul and Carstensen, Claus H},
  journal={Assessment of competencies in educational contexts},
  pages={91--120},
  year={2008},
  publisher={Hogrefe G{\"o}ttingen, Germany}
}

@article{carpenter2017stan,
  title={Stan: A probabilistic programming language},
  author={Carpenter, Bob and Gelman, Andrew and Hoffman, Matthew D and Lee, Daniel and Goodrich, Ben and Betancourt, Michael and Brubaker, Marcus and Guo, Jiqiang and Li, Peter and Riddell, Allen},
  journal={Journal of statistical software},
  volume={76},
  number={1},
  pages={1--32},
  year={2017}
}

@article{vehtari2017practical,
  title={Practical Bayesian model evaluation using leave-one-out cross-validation and WAIC},
  author={Vehtari, Aki and Gelman, Andrew and Gabry, Jonah},
  journal={Statistics and computing},
  volume={27},
  number={5},
  pages={1413--1432},
  year={2017},
  publisher={Springer}
}

@article{luo2017performances,
  title={Performances of {LOO} and {WAIC} as {IRT} model selection methods},
  author={Luo, Yong and Al-Harbi, Khaleel},
  journal={Psychological Test and Assessment Modeling},
  volume={59},
  number={2},
  pages={183},
  year={2017},
  publisher={PABST Science Publishers}
}

@article{merkle2019bayesian,
  title={Bayesian comparison of latent variable models: Conditional versus marginal likelihoods},
  author={Merkle, Edgar C and Furr, Daniel and Rabe-Hesketh, Sophia},
  journal={psychometrika},
  volume={84},
  number={3},
  pages={802--829},
  year={2019},
  publisher={Springer}
}

@article{gelman1996posterior,
  title={Posterior predictive assessment of model fitness via realized discrepancies},
  author={Gelman, Andrew and Meng, Xiao-Li and Stern, Hal},
  journal={Statistica sinica},
  pages={733--760},
  year={1996},
  publisher={JSTOR}
}

@book{levy2017bayesian,
  title={Bayesian psychometric modeling},
  author={Levy, Roy and Mislevy, Robert J},
  year={2017},
  publisher={CRC Press}
}

@article{toribio2011discrepancy,
  title={Discrepancy measures for item fit analysis in item response theory},
  author={Toribio, SG and Albert, JH},
  journal={Journal of Statistical Computation and Simulation},
  volume={81},
  number={10},
  pages={1345--1360},
  year={2011},
  publisher={Taylor \& Francis}
}

@article{levy2015standardized,
  title={A standardized generalized dimensionality discrepancy measure and a standardized model-based covariance for dimensionality assessment for multidimensional models},
  author={Levy, Roy and Xu, Yuning and Yel, Nedim and Svetina, Dubravka},
  journal={Journal of Educational Measurement},
  volume={52},
  number={2},
  pages={144--158},
  year={2015},
  publisher={Wiley Online Library}
}

@online{vehtari2022cv,
  author = "Aki Vehtari",
  title = "Cross-validation FAQ",
  year="2022",
  url  = "https://avehtari.github.io/modelselection/CV-FAQ.html",
  addendum = "(accessed: 03.16.2022)",
}

@book{baker2017basics,
  title={The basics of item response theory using {R}},
  author={Baker, Frank B and Kim, Seock-Ho},
  year={2017},
  publisher={Springer},
  chapter={2}
}

@article{chiesi2012using,
  title={Using the Advanced Progressive Matrices ({Set I}) to assess fluid ability in a short time frame: An item response theory--based analysis.},
  author={Chiesi, Francesca and Ciancaleoni, Matteo and Galli, Silvia and Primi, Caterina},
  journal={Psychological assessment},
  volume={24},
  number={4},
  pages={892},
  year={2012},
  publisher={American Psychological Association}
}

@article{embretson1999generating,
  title={Generating items during testing: Psychometric issues and models},
  author={Embretson, Susan E},
  journal={Psychometrika},
  volume={64},
  number={4},
  pages={407--433},
  year={1999},
  publisher={Springer}
}

@book{der2005wj,
  title={Linear Models for Optimal Test Assembly},
  author={van der Linden, WJ},
  year={2005},
  publisher={Springer: New York, NY, USA},
  chapter={5}
}

@inproceedings{seabold2010statsmodels,
  title={statsmodels: Econometric and statistical modeling with python},
  author={Seabold, Skipper and Perktold, Josef},
  booktitle={9th Python in Science Conference},
  year={2010},
}


@misc{santos2020mixed,
  title={Mixed Integer Linear Programming With Python},
  author={Santos, Haroldo G and Toffolo, TA},
  year={2020},
  publisher={Accessed: Apr}
}

@article{ali2016evaluation,
  title={An evaluation of different statistical targets for assembling parallel forms in item response theory},
  author={Ali, Usama S and van Rijn, Peter W},
  journal={Applied psychological measurement},
  volume={40},
  number={3},
  pages={163--179},
  year={2016},
  publisher={SAGE Publications Sage CA: Los Angeles, CA}
}

@article{chiesi2018applying,
  title={Applying item response theory to develop a shortened version of the need for cognition scale},
  author={Chiesi, Francesca and Morsanyi, Kinga and Donati, Maria Anna and Primi, Caterina},
  journal={Advances in cognitive psychology},
  volume={14},
  number={3},
  pages={75},
  year={2018},
  publisher={University of Economics and Human Sciences in Warsaw}
}

@article{iverson2021normative,
  title={Normative reference values, reliability, and item-level symptom endorsement for the {PROMIS}{\textregistered} v2. 0 cognitive function-short forms 4a, 6a and 8a},
  author={Iverson, Grant L and Marsh, Jacqueline M and Connors, Eric J and Terry, Douglas P},
  journal={Archives of Clinical Neuropsychology},
  year={2021}
}

@article{fagerlin2007measuring,
  title={Measuring numeracy without a math test: development of the Subjective Numeracy Scale},
  author={Fagerlin, Angela and Zikmund-Fisher, Brian J and Ubel, Peter A and Jankovic, Aleksandra and Derry, Holly A and Smith, Dylan M},
  journal={Medical Decision Making},
  volume={27},
  number={5},
  pages={672--680},
  year={2007},
  publisher={Sage Publications Sage CA: Los Angeles, CA}
}

@article{bilker2012development,
  title={Development of abbreviated nine-item forms of the {Raven's} standard progressive matrices test},
  author={Bilker, Warren B and Hansen, John A and Brensinger, Colleen M and Richard, Jan and Gur, Raquel E and Gur, Ruben C},
  journal={Assessment},
  volume={19},
  number={3},
  pages={354--369},
  year={2012},
  publisher={Sage Publications Sage CA: Los Angeles, CA}
}

@article{zorowitz2021inattentive,
  title={Inattentive responding can induce spurious associations between task behavior and symptom measures},
  author={Zorowitz, Samuel and Niv, Yael and Bennett, Daniel},
  year={2021},
  publisher={PsyArXiv}
}

@article{heitz2014speed,
  title={The speed-accuracy tradeoff: history, physiology, methodology, and behavior},
  author={Heitz, Richard P},
  journal={Frontiers in neuroscience},
  volume={8},
  pages={150},
  year={2014},
  publisher={Frontiers}
}

@incollection{lee2018irt,
  title={{IRT} linking and equating.},
  author={Lee, Won-Chan and Lee, Guemin},
  year={2018},
  publisher={Wiley Blackwell}
}

@Article{lavaan,
    title = {{lavaan}: An {R} Package for Structural Equation
      Modeling},
    author = {Yves Rosseel},
    journal = {Journal of Statistical Software},
    year = {2012},
    volume = {48},
    number = {2},
    pages = {1--36},
    doi = {10.18637/jss.v048.i02},
}
  
@Manual{semtools,
    title = {\texttt{semTools}: {U}seful tools for structural equation
      modeling},
    author = {Terrence D. Jorgensen and Sunthud Pornprasertmanit and
      Alexander M. Schoemann and Yves Rosseel},
    year = {2021},
    note = {R package version 0.5-5},
    url = {https://CRAN.R-project.org/package=semTools},
  }
  
@article{spearman1961proof,
  title={The proof and measurement of association between two things.},
  author={Spearman, Charles},
  year={1961},
  publisher={Appleton-Century-Crofts}
}

@article{kool2018mental,
  title={Mental labour},
  author={Kool, Wouter and Botvinick, Matthew},
  journal={Nature human behaviour},
  volume={2},
  number={12},
  pages={899--908},
  year={2018},
  publisher={Nature Publishing Group}
}

@article{otto2019opportunity,
  title={The opportunity cost of time modulates cognitive effort},
  author={Otto, A Ross and Daw, Nathaniel D},
  journal={Neuropsychologia},
  volume={123},
  pages={92--105},
  year={2019},
  publisher={Elsevier}
}

