@article{chierchia2019matrix,
  title={The matrix reasoning item bank ({MaRs-IB}): novel, open-access abstract reasoning items for adolescents and adults},
  author={Chierchia, Gabriele and Fuhrmann, Delia and Knoll, Lisa J and Pi-Sunyer, Blanca Piera and Sakhardande, Ashok L and Blakemore, Sarah-Jayne},
  journal={Royal Society open science},
  volume={6},
  number={10},
  pages={190232},
  year={2019},
  publisher={The Royal Society}
}

@article{wise2017rapid,
  title={Rapid-guessing behavior: Its identification, interpretation, and implications},
  author={Wise, Steven L},
  journal={Educational Measurement: Issues and Practice},
  volume={36},
  number={4},
  pages={52--61},
  year={2017},
  publisher={Wiley Online Library}
}

@article{wise2006application,
  title={An application of item response time: The effort-moderated IRT model},
  author={Wise, Steven L and DeMars, Christine E},
  journal={Journal of Educational Measurement},
  volume={43},
  number={1},
  pages={19--38},
  year={2006},
  publisher={Wiley Online Library}
}

@article{carpenter2017stan,
  title={Stan: A probabilistic programming language},
  author={Carpenter, Bob and Gelman, Andrew and Hoffman, Matthew D and Lee, Daniel and Goodrich, Ben and Betancourt, Michael and Brubaker, Marcus and Guo, Jiqiang and Li, Peter and Riddell, Allen},
  journal={Journal of statistical software},
  volume={76},
  number={1},
  pages={1--32},
  year={2017}
}